
%2018
@article{Adams.2008.soundwalking,
title={Soundwalking as A Methodology for Understanding Soundscapes},
author={Adams, Mags D and Bruce, Neil S and Davies, William J and Cain, Rebecca and Jennings, Paul and Carlyle, Angus and Cusack, Peter and Hume, Ken and Plack, C and others},
year={2008}
}
@book{Collins.2006.handmadebook,
address = {New York},
author = {Collins, Nicolas},
publisher = {Routledge},
title = {{Handmade Electronic Music: The Art of Hardware Hacking}},
year = {2004}
}
@book{Igoe.2007.making,
author = {Igoe, Tom},
mendeley-groups = {PCW},
publisher = {" O'Reilly Media, Inc."},
title = {{Making Things Talk: Practical Methods for Connecting Physical Objects}},
year = {2007}
}
@book{Mims.1983.radioshack,
author = {Mims, Forrest M},
mendeley-groups = {PCW},
publisher = {Master Publishing, Incorporated},
title = {{Getting Started in Electronics}},
year = {1983}
}
@article{Essl.Rohs.2009.interactivity,
title={Interactivity for Mobile Music-Making},
author={Essl, Georg and Rohs, Michael},
journal={Organised Sound},
volume={14},
number={2},
pages={197--207},
year={2009},
publisher={Cambridge University Press}
}
@inproceedings{Roma.et.al.2017.handwaving,
title={Handwaving: Gesture Recognition for Participatory Mobile Music},
author={Roma, Gerard and Xamb{\'o}, Anna and Freeman, Jason},
booktitle={Proceedings of the 12th International Audio Mostly Conference on Augmented and Participatory Sound and Music Experiences},
pages={26},
year={2017},
organization={ACM}
}
%2019
@book{Filimowicz.2019,
address = {New York},
editor = {Filimowicz, Michael},
publisher = {Routledge},
title = {{Foundations in Sound Design for Embedded Media: A Multidisciplinary Approach}},
year = {2004}
}
@article{Robins.2003.learning,
  title={{Learning and Teaching Programming: A Review and Discussion}},
  author={Robins, Anthony and Rountree, Janet and Rountree, Nathan},
  journal={Computer Science Education},
  volume={13},
  number={2},
  pages={137--172},
  year={2003},
  publisher={Taylor \& Francis}
}
@inproceedings{Mcpherson.Zappi.2015.bela,
  title={An Environment for Submillisecond-Latency Audio and Sensor Processing on BeagleBone Black},
  author={McPherson, Andrew and Zappi, Victor},
  booktitle={Audio Engineering Society Convention 138},
  year={2015},
  organization={Audio Engineering Society}
}
%

